%
% TOOLS
%
@misc{tool:MicrosoftTeams,
title={Microsoft Teams | Group Chat, Team Chat \& Collaboration},
note={\url{https://www.microsoft.com/en-gb/microsoft-365/microsoft-teams/group-chat-software}}, author={Microsoft Corporation},
year={2020}
}
@misc{tool:GitHub,
title={GitHub - About},
note={\url{https://github.com/about}},
author={Microsoft Corporation},
year={2020}
}

@misc{tool:Gcc9,
title={GCC 9 Release Series},
note={\url{https://gcc.gnu.org/gcc-9/}},
author={GNU Project},
year={2020}
}
@misc{tool:GccCxxStatus,
title={C++ Standards Support in GCC},
note={\url{https://gcc.gnu.org/projects/cxx-status.html}},
author={GNU Project},
year={2020}
}
@misc{tool:Emacs,
title={GNU Emacs},
note={\url{https://www.gnu.org/software/emacs/}},
author={GNU Project},
year={2020}
}

@misc{tool:CUDA,
title={CUDA Zone | NVIDIA Developer},
note={\url{https://developer.nvidia.com/cuda-zone}},
author={Nvidia Corporation},
year={2020}
}
%http://developer.download.nvidia.com/compute/cuda/1.0/NVIDIA_CUDA_Programming_Guide_1.0.pdf
@manual{tool:CUDAProgrammingV1,
title = {NVIDIA CUDA Programming Guide},
organization={Nvidia Corporation},
year={2007},
edition={Version 1.0}
}
% https://www.nvidia.com/content/GTC/documents/1015_GTC09.pdf
@unpublished{tool:DirectComputePresentation,
title = {Direct Compute - Bring GPU Compute to the Mainstream},
organization={Nvidia Corporation},
author={Tianyun Ni},
year={2009},
month={10},
note = {Nvidia GTC},
}

@misc{tool:Vulkan,
title={Vulkan Overview},
note={\url{https://www.khronos.org/vulkan/}},
organization={The Khronos Group Inc},
year={2020},
key={Khronos}
}
%https://www.khronos.org/news/press/the_khronos_group_releases_opencl_1.0_specification
@misc{tool:OpenCL1.0PressRelease,
title={The Khronos Group Releases OpenCL 1.0 Specification},
note={\url{https://www.khronos.org/news/press/the_khronos_group_releases_opencl_1.0_specification}},
organization={The Khronos Group Inc},
year={2008},
key={Khronos}
}
@misc{tool:OpenGLComputeShaderExt,
title={ARB\_compute\_shader},
note={\url{https://www.khronos.org/registry/OpenGL/extensions/ARB/ARB_compute_shader.txt}},
author={Graham Sellers and Pat Brown and Daniel Koch and John Kessenich and Members of the ARB working group},
organization={The Knronos Group Inc},
year={2018}
}

@misc{tool:Cmake,
title={CMake},
note={\url{https://cmake.org/}},
author={Kitware Inc.},
year={2020}
}
@misc{tool:CmakeCUDAFirstClass,
title={[CMake] [ANNOUNCE] CMake 3.8.0 available for download},
note={\url{https://cmake.org/pipermail/cmake/2017-April/065294.html}},
author={Robert Maynard},
year={2017}
}

@misc{tool:CLion,
title={CLion: A Cross Platform IDE for C and C++},
note={\url{https://www.jetbrains.com/clion/}},
author={Jetbrains},
year={2020}
}

@misc{tool:Trello,
title={Trello},
note={\url{https://trello.com/}},
author={Atlassian Corporation},
year={2020}
}

@misc{tool:Git,
title={Git},
note={\url{https://git-scm.com/}},
key={Git},
year={2020}
}

@misc{tool:Latex,
title={LaTeX - A document preparation system},
note={\url{https://www.latex-project.org/}},
author={The LaTeX Project},
year={2020}
}

@misc{tool:Overleaf,
title={About us - Overleaf, Online LaTeX Editor},
note={\url{https://www.overleaf.com/about}},
author={Overleaf},
year={2020}
}

@misc{tool:GoogleDrive,
title={Cloud Storage for Work and Home - Google Drive},
note={\url{https://www.google.com/intl/en_in/drive/}},
author={Google LLC},
year={2020}
}

%
% ETHICS
%

@misc{ethics:WarwickLibraryFluidSimBook,
title={Library Search},
note={\url{http://encore.lib.warwick.ac.uk/iii/encore/record/C__Rb1204273}},
author={University of Warwick Library},
year={2020}
}

@misc{ethics:WarwickConsent,
title={Ethical Consent for Undergraduate Projects},
note={\url{https://warwick.ac.uk/fac/sci/dcs/teaching/material/cs310/ethics}},
author={University of Warwick},
year={2020}
}

@misc{ethics:DataProtection2018,
title={Data Protection Act 2018, c. 12},
note={\url{http://www.legislation.gov.uk/ukpga/2018/12/contents/enacted}},
key={UK Government},
year={2018}
}
@misc{ethics:BCSCodeOfConduct,
title={CODE OF CONDUCT FOR BCS MEMBERS},
note={\url{http://www.bcs.org/upload/pdf/conduct.pdf}},
author={British Computing Society},
year={2015}
}

% 
% MODULES
%
@misc{modules:CS261,
title={CS261 Software Engineering},
author={James Archbold},
year={2020}
}
@misc{modules:CS257Coursework,
title={CS257 Advanced Computer Architecture Coursework},
author={Adam Chester and Graham Martin},
year={2020}
}

%
% BOOKS
%
@book{book:griebel1998numerical,
  title={Numerical simulation in fluid dynamics: a practical introduction},
  author={Griebel, Michael and Dornseifer, Thomas and Neunhoeffer, Tilman},
  year={1998},
  publisher={SIAM}
}

%
% ARTICLES
%

%%https://www.ansys.com/-/media/ansys/corporate/resourcelibrary/article/aa-v2-i2-fluid-dynamics-on-big-screen.pdf
@article{article:FluidDynamicsOnBigScreen,
title={Fluid Dynamics on the Big Screen},
journal={ANSYS Advantage},
volume={II},
number=2,
year={2008},
pages={52-53},
note={\url{https://www.ansys.com/-/media/ansys/corporate/resourcelibrary/article/aa-v2-i2-fluid-dynamics-on-big-screen.pdf}},
key={ANSYS}
}

%
% PAPERS
%

%1995 paper
@INPROCEEDINGS{paper:1995CfdOpt:1383209,  author={M. {Kuba} and C. D. {Polychronopoulos} and K. {Gallivan}},  booktitle={Supercomputing '95:Proceedings of the 1995 ACM/IEEE Conference on Supercomputing},   title={The Synergetic Effect of Compiler, Architecture, and Manual Optimizations on the Performance of CFD on Multiprocessors},   year={1995},  volume={},  number={},  pages={72-72},}
%\todocite{https://ieeexplore.ieee.org/document/1383209/}

%GPGPU was first used for CFD simulations in 2004 with this paper\todocite{https://dl.acm.org/doi/10.1109/SC.2004.26}
@inproceedings{paper:2004CfdGPU:10.1109/SC.2004.26,
author = {Fan, Zhe and Qiu, Feng and Kaufman, Arie and Yoakum-Stover, Suzanne},
title = {GPU Cluster for High Performance Computing},
year = {2004},
isbn = {0769521533},
publisher = {IEEE Computer Society},
address = {USA},
url = {https://doi.org/10.1109/SC.2004.26},
doi = {10.1109/SC.2004.26},
booktitle = {Proceedings of the 2004 ACM/IEEE Conference on Supercomputing},
pages = {47},
numpages = {12},
keywords = {urban airborne dispersion, GPU cluster, computational fluid dynamics, data intensive computing, lattice Boltzmann model},
series = {SC '04}
}

%2002vis
%\todocite{https://dl.acm.org/doi/10.5555/509740.509745}
@inproceedings{paper:2002vis:10.5555/509740.509745,
author = {Kreylos, O. and Tesdall, A. M. and Hamann, B. and Hunter, J. K. and Joy, K. I.},
title = {Interactive Visualization and Steering of CFD Simulations},
year = {2002},
isbn = {158113536X},
publisher = {Eurographics Association},
address = {Goslar, DEU},
booktitle = {Proceedings of the Symposium on Data Visualisation 2002},
pages = {25–34},
numpages = {10},
location = {Barcelona, Spain},
series = {VISSYM '02}
}

% \todocite{https://is.muni.cz/th/mfkg2/master-thesis.pdf}
@MastersThesis{paper:GameFluidSummary:medveckyreal,
title={Real-time Water Simulation in Game Environment},
author = {Medvecký-Heretik Jakub},
year={2018},
school={Masaryk University, Faculty of Informatics}
}

% \todocite{http://pages.cs.wisc.edu/~chaol/data/cs777/stam-stable_fluids.pdf}
@inproceedings{paper:StableFluids:10.1145/311535.311548,
author = {Stam, Jos},
title = {Stable Fluids},
year = {1999},
isbn = {0201485605},
publisher = {ACM Press/Addison-Wesley Publishing Co.},
address = {USA},
url = {https://doi.org/10.1145/311535.311548},
doi = {10.1145/311535.311548},
booktitle = {Proceedings of the 26th Annual Conference on Computer Graphics and Interactive Techniques},
pages = {121–128},
numpages = {8},
keywords = {interactive modeling, gaseous phenomena, advected textures, animation of fluids, stable solvers, Navier-Stokes, implicit elliptic PDE solvers},
series = {SIGGRAPH '99}
}

@article{paper:GPGPUSummary:10.1007/s11227-013-1015-7,
author = {Niemeyer, Kyle E. and Sung, Chih-Jen},
title = {Recent Progress and Challenges in Exploiting Graphics Processors in Computational Fluid Dynamics},
year = {2014},
issue_date = {February  2014},
publisher = {Kluwer Academic Publishers},
address = {USA},
volume = {67},
number = {2},
issn = {0920-8542},
url = {https://doi.org/10.1007/s11227-013-1015-7},
doi = {10.1007/s11227-013-1015-7},
journal = {J. Supercomput.},
month = feb,
pages = {528–564},
numpages = {37},
keywords = {Graphics processing unit (GPU), Reactive flow, Computational fluid dynamics (CFD), Laminar flows, Turbulent flow, CUDA}
}

% \todocite{https://www.slideshare.net/EidosMontreal/realtime-fluid-simulation-in-shadow-of-the-tomb-raider-124937686}
@unpublished{presentation:RealtimeFluidSimTombRaider,
title = {Real-Time Fluid Simulation in Shadow of the Tomb Raider},
author = {Peter Sikachev},
note = {4C Conference},
year = {2018}
}

%
% VIDEOS
%
%https://www.youtube.com/watch?v=2RBOtd-Z8O8
@misc{video:AutodeskFlowDesign,
title = {Autodesk Flow Design - A Virtual Wind Tunnel On Your Desktop},
organization = {Autodesk},
year = {2014},
month = {1},
note = {\url{https://www.youtube.com/watch?v=2RBOtd-Z8O8}},
key={Autodesk}
}